<?xml version="1.0" encoding="UTF-8"?><collection xmlns="http://www.loc.gov/MARC21/slim"><record><leader>00563nam--2200181-i-4500</leader><controlfield tag="001">000026571</controlfield><controlfield tag="002">20161230</controlfield><controlfield tag="005">20161230201036</controlfield><controlfield tag="008">060222s1000------------r-----000-0-fre-d</controlfield><datafield ind1=" " ind2=" " tag="040"><subfield code="a">IFIN-HH</subfield></datafield><datafield ind1=" " ind2=" " tag="041"><subfield code="a">fre</subfield></datafield><datafield ind1=" " ind2=" " tag="080"><subfield code="a">538.9:539.219.3:537.31(043)</subfield></datafield><datafield ind1="1" ind2=" " tag="100"><subfield code="a">Kawahara, Masanori</subfield></datafield><datafield ind1="1" ind2="0" tag="245"><subfield code="a">La diffusion thermique, la conductivite electronique et la structure des defauts ponctuels dans le protoxyde de manganese</subfield><subfield code="b">These</subfield><subfield code="c">Masanori kawahara</subfield></datafield><datafield ind1=" " ind2=" " tag="260"><subfield code="a">Paris</subfield><subfield code="b">Universite</subfield><subfield code="c">1967</subfield></datafield><datafield ind1=" " ind2=" " tag="300"><subfield code="a">25P</subfield></datafield><datafield ind1=" " ind2=" " tag="852"><subfield code="a">77109</subfield><subfield code="c">539.2</subfield></datafield><datafield ind1=" " ind2=" " tag="CAT"><subfield code="a">Sys</subfield><subfield code="c">20121127</subfield><subfield code="h">123256</subfield></datafield></record></collection>